@book{ai,
  author = {Russell, S. and Norvig, P.},
  publisher = {Prentice Hall},
  title = {Artificial Intelligence: A Modern Approach},
  year = {2010},
  edition = {3rd},
}

@book{aprendeML,
  author = {Bagnato, J. I.},
  publisher = {Leanpub},
  title = {Aprende Machine Learning en Espa√±ol},
  year = {2020},
  edition = {1.5st},
}