@book{aprendeML,
  author = {Bagnato, J. I.},
  publisher = {Leanpub},
  title = {Aprende Machine Learning en Espa√±ol},
  year = {2020},
  edition = {1.5st},
}