@online{handwriting-dataset,
	author       = {Kaggle},
	title        = {Handwriting Recognition},
	year         = {2020},
	url          = {https://www.kaggle.com/datasets/landlord/handwriting-recognition},
	note         = {Accessed: 2025-05-15}
}
